@misc{evib,
	author = {Pan, Jie, and Stone, Brian J.},
	year = 2014,
	title = {Vibration Causes \& Cures},
	howpublished = "\url{http://school.mech.uwa.edu.au/~bjs/MECH4426/Notes.html}"
}

@misc{acs,
	author = {{A}ustralian {C}omputer {S}ociety},
	year = 2014,
	title = {{ACS} Code of Professional Conduct},
	howpublished = "\url{https://www.acs.org.au/about-the-acs/member-conduct-and-discipline}"
}


@COMMENT{mctx3420_wiki,
	author = "",
	year = 2013,
	title = "",
	howpublished = "\url{https://github.com/szmoore/MCTX3420/wiki}"
}